<?xml version="1.0" encoding="UTF-8"?><record xmlns="http://www.loc.gov/MARC21/slim" xmlns:cinclude="http://apache.org/cocoon/include/1.0" xmlns:zs="http://www.loc.gov/zing/srw/">
  <leader>00443nz  a2200133n  4500</leader>
  <controlfield tag="001">n 2004119719</controlfield>
  <controlfield tag="003">DLC</controlfield>
  <controlfield tag="005">20040318044102.0</controlfield>
  <controlfield tag="008">040318n| acannaabn          |n aaa      </controlfield>
  <datafield tag="010" ind1=" " ind2=" ">
    <subfield code="a">n 2004119719</subfield>
  </datafield>
  <datafield tag="035" ind1=" " ind2=" ">
    <subfield code="a">(DNLM)1263717</subfield>
  </datafield>
  <datafield tag="040" ind1=" " ind2=" ">
    <subfield code="a">DNLM</subfield>
    <subfield code="b">eng</subfield>
    <subfield code="c">DNLM</subfield>
  </datafield>
  <datafield tag="100" ind1="1" ind2=" ">
    <subfield code="a">Ssali, Charles</subfield>
  </datafield>
  <datafield tag="670" ind1=" " ind2=" ">
    <subfield code="a">Fighting disease, c2003:</subfield>
    <subfield code="b">credit frame (Dr. Charles Ssali, MD) container (Dr. Charles L. Ssali, founder and director of the Mariandina Research Foundation)</subfield>
  </datafield>
</record>